<?xml version="1.0" encoding="UTF-8"?>
<record xmlns="http://www.loc.gov/MARC21/slim">
   <leader>01694cam a2200349 a 4500</leader>
   <controlfield tag="001">215022</controlfield>
   <controlfield tag="003">NjP</controlfield>
   <controlfield tag="005">20190705135805.0</controlfield>
   <controlfield tag="008">840113q19671971ir            000 0 ara d</controlfield>
   <datafield tag="024" ind1="7" ind2=" ">
      <subfield code="a">princeton_aco003707</subfield>
      <subfield code="2">local</subfield>
   </datafield>
   <datafield ind1=" " ind2=" " tag="040">
      <subfield code="a">NjP</subfield>
      <subfield code="c">PUL</subfield>
      <subfield code="d">PUL</subfield>
   </datafield>
   <datafield ind1=" " ind2=" " tag="035">
      <subfield code="a">(CStRLIN)NJPG84-B2219</subfield>
   </datafield>
   <datafield ind1=" " ind2=" " tag="035">
      <subfield code="9">ABD0012TS</subfield>
   </datafield>
   <datafield ind1=" " ind2=" " tag="035">
      <subfield code="a">(NjP)215022</subfield>
   </datafield>
   <datafield ind1=" " ind2=" " tag="043">
      <subfield code="a">a------</subfield>
      <subfield code="a">f------</subfield>
   </datafield>
   <datafield ind1=" " ind2=" " tag="049">
      <subfield code="a">PULL</subfield>
   </datafield>
   <datafield ind1=" " ind2=" " tag="035">
      <subfield code="a">(OCoLC)ocm78849849</subfield>
   </datafield>
   <datafield ind1="1" ind2=" " tag="100">
      <subfield code="6">880-01</subfield>
      <subfield code="a">Karmī, Muḥammad.</subfield>
   </datafield>
   <datafield ind1="1" ind2="0" tag="245">
      <subfield code="6">880-02</subfield>
      <subfield code="a">Buḥūth wa-ārāʼ tubtannā al-wāqiʻ wa-al-ḥaḍārah al-zaynah :</subfield>
      <subfield code="b">aw nahj al-balāghah fī maʻārifihi wa-funūnihi /</subfield>
      <subfield code="c">taʼlīf Muḥammad al-Karmī.</subfield>
   </datafield>
   <datafield ind1=" " ind2=" " tag="260">
      <subfield code="6">880-03</subfield>
      <subfield code="a">Qum :</subfield>
      <subfield code="b">Maṭbaʻah al-ʻIlmīyah,</subfield>
      <subfield code="c">1387-1391 [1967 or 1968-1971 or 1972]</subfield>
   </datafield>
   <datafield ind1=" " ind2=" " tag="300">
      <subfield code="a">2 v. ;</subfield>
      <subfield code="c">24 cm.</subfield>
   </datafield>
   <datafield ind1=" " ind2=" " tag="500">
      <subfield code="6">880-04</subfield>
      <subfield code="a">At head of t.p. : al-Qism al-awal(-al-thānī) min sharḥ nahj al-balāghah.</subfield>
   </datafield>
   <datafield ind1=" " ind2="0" tag="651">
      <subfield code="a">Islamic countries</subfield>
      <subfield code="x">Civilization.</subfield>
      <subfield code="0">http://id.loc.gov/authorities/subjects/sh85068437</subfield>
   </datafield>
   <datafield ind1=" " ind2="0" tag="650">
      <subfield code="a">Arabic language</subfield>
      <subfield code="x">Rhetoric.</subfield>
      <subfield code="0">http://id.loc.gov/authorities/subjects/sh2007101225</subfield>
   </datafield>
   <datafield ind1="1" ind2=" " tag="880">
      <subfield code="6">100-01/r</subfield>
      <subfield code="a">كرمي، محمد.</subfield>
   </datafield>
   <datafield ind1="1" ind2="0" tag="880">
      <subfield code="6">245-02/r</subfield>
      <subfield code="a">بحوث وآراء تبتنا الواقع والحضارة الزينة :</subfield>
      <subfield code="b">او نهج البلاغة في معارفه وفنونه /</subfield>
      <subfield code="c">تأليف محمد الكرمي.</subfield>
   </datafield>
   <datafield ind1=" " ind2=" " tag="880">
      <subfield code="6">260-03/r</subfield>
      <subfield code="a">قم :</subfield>
      <subfield code="b">مطبعة العلمية،</subfield>
      <subfield code="c">1387-1391 [1967 or 1968-1971 or 1972]</subfield>
   </datafield>
   <datafield ind1=" " ind2=" " tag="880">
      <subfield code="6">500-04/r</subfield>
      <subfield code="a">At head of t.p. : القسم الاول(-الثاني) من شرح نهج البلاغة.</subfield>
   </datafield>
   <datafield ind1=" " ind2=" " tag="998">
      <subfield code="a">07/27/90</subfield>
      <subfield code="s">9118</subfield>
      <subfield code="n">NjP</subfield>
      <subfield code="w">NJPG84B2219</subfield>
      <subfield code="d">01/13/84</subfield>
      <subfield code="c">JAB</subfield>
      <subfield code="b">JAB</subfield>
      <subfield code="i">900727</subfield>
      <subfield code="l">NJPG</subfield>
   </datafield>
   <datafield ind1=" " ind2=" " tag="911">
      <subfield code="a">19921028</subfield>
   </datafield>
   <datafield ind1=" " ind2=" " tag="912">
      <subfield code="a">19910104000000.0</subfield>
   </datafield>
   <datafield ind1=" " ind2=" " tag="994">
      <subfield code="a">C0</subfield>
      <subfield code="b">PUL</subfield>
   </datafield>
   <datafield ind1=" " ind2=" " tag="999">
      <subfield code="a">215022</subfield>
   </datafield>
   <datafield ind1=" " ind2=" " tag="979">
      <subfield code="a">(OCoLC)ocn175589777</subfield>
   </datafield>
   <datafield ind1="0" ind2="0" tag="852">
      <subfield code="0">236092</subfield>
      <subfield code="b">rcppa</subfield>
      <subfield code="t">1</subfield>
      <subfield code="h">DS36.8</subfield>
      <subfield code="i">.K37</subfield>
      <subfield code="x">tr fr arab</subfield>
   </datafield>
   <datafield ind1=" " ind2="0" tag="866">
      <subfield code="0">236092</subfield>
      <subfield code="a">qism 1-2</subfield>
   </datafield>
   <datafield ind1=" " ind2=" " tag="959">
      <subfield code="a">2000-06-13 00:00:00 -0400</subfield>
   </datafield>
</record>
